<?xml version="1.0" encoding="UTF-8"?><collection xmlns="http://www.loc.gov/MARC21/slim"><record><leader>00445nam--2200169-i-4500</leader><controlfield tag="001">000019118</controlfield><controlfield tag="002">20161230</controlfield><controlfield tag="005">20161230201033</controlfield><controlfield tag="008">060222s1000------------r-----000-0-eng-d</controlfield><datafield ind1=" " ind2=" " tag="040"><subfield code="a">IFIN-HH</subfield></datafield><datafield ind1=" " ind2=" " tag="080"><subfield code="a">538.3</subfield></datafield><datafield ind1="1" ind2=" " tag="100"><subfield code="a">Duffin, W.J</subfield></datafield><datafield ind1="1" ind2="0" tag="245"><subfield code="a">Advances electricity and magnetism for undergraduates</subfield><subfield code="c">W.j. duffin</subfield></datafield><datafield ind1=" " ind2=" " tag="260"><subfield code="a">London</subfield><subfield code="b">Mcgraw-hill</subfield><subfield code="c">1968</subfield></datafield><datafield ind1=" " ind2=" " tag="300"><subfield code="a">XVI + 300 P</subfield></datafield><datafield ind1=" " ind2=" " tag="852"><subfield code="a">30421</subfield><subfield code="c">537:538</subfield></datafield><datafield ind1=" " ind2=" " tag="CAT"><subfield code="a">Sys</subfield><subfield code="c">20110615</subfield><subfield code="h">143627</subfield></datafield></record></collection>